<?xml version="1.0" encoding="UTF-8"?><collection xmlns="http://www.loc.gov/MARC21/slim"><record><leader>00591nam--2200193-u-4500</leader><controlfield tag="001">000055207</controlfield><controlfield tag="002">20161230</controlfield><controlfield tag="005">20170125141011</controlfield><controlfield tag="008">121123s1000------------r-----000-0-rus-d</controlfield><datafield ind1=" " ind2=" " tag="040"><subfield code="a">IFIN-HH</subfield></datafield><datafield ind1=" " ind2=" " tag="041"><subfield code="a">rus</subfield></datafield><datafield ind1=" " ind2=" " tag="080"><subfield code="a">538.93</subfield></datafield><datafield ind1="1" ind2=" " tag="100"><subfield code="a">Ziman, J. M</subfield></datafield><datafield ind1="1" ind2="0" tag="245"><subfield code="a">Elektroni i fononi</subfield><subfield code="b">Teoria iavlenii perenosa v tverdih telah</subfield><subfield code="c">J.M. Ziman</subfield></datafield><datafield ind1=" " ind2=" " tag="260"><subfield code="a">Moskva</subfield><subfield code="b">Inostranoi Literaturi</subfield><subfield code="c">1962</subfield></datafield><datafield ind1=" " ind2=" " tag="300"><subfield code="a">488 p</subfield></datafield><datafield ind1=" " ind2=" " tag="730"><subfield code="a">Titlul Original In Limba Engleza: Electrons And Phonons. The Theory Of Transport Phenomena In Solids</subfield></datafield><datafield ind1=" " ind2=" " tag="852"><subfield code="a">75202</subfield><subfield code="c">539.2</subfield></datafield><datafield ind1=" " ind2=" " tag="CAT"><subfield code="a">SYS</subfield><subfield code="c">20170125</subfield><subfield code="h">141011</subfield></datafield></record></collection>